001  0000005
005  20180822173320.935
008  170107s||||     bl|||||||||||||||||por|u
020    $a9788561191740
040    $aPorto Alegre$bpor
080    $2860.0(665.8)-31$a1997
090    $a860.0(665.8)-31$bD814c
100 1  $aDuarte, Vera
245 11 $aA candidata$cVera Duarte
260    $aBelo Horizonte$bNandyala$c2012
300    $a88 p.
650    $aLiteratura Cabo-verdiana
650    $aRomance Cabo-verdiano
650    $aLiteratura Africana
